@misc{automap,
title = {Automap {R} package},
author ={Paul Hiemstra },
year = {2013},
accessed ={Nov, 2017},
url = {https://cran.r-project.org/web/packages/automap/automap.pdf},

}
@misc{MACC,
title = {Copernicus MACC project},
author ={Copenicus},
 
accessed ={Nov, 2017},
url = {http://macc.copernicus-atmosphere.eu/},

}

